@article{todlinglag,
  title={A lag-1 smoother approach to system-error estimation: sequential method},
  author={Todling, Ricardo},
  journal={Quarterly Journal of the Royal Meteorological Society},
  volume={141},
  number={690},
  pages={1502--1513},
  year={2015},
  publisher={Wiley Online Library}
}

@article{todling2,
  title={A complementary note to ‘A lag-1 smoother approach to system-error estimation’: the intrinsic limitations of residual diagnostics},
  author={Todling, Ricardo},
  journal={Quarterly Journal of the Royal Meteorological Society},
  volume={141},
  number={692},
  pages={2917--2922},
  year={2015},
  publisher={Wiley Online Library}
}

@article{desroziers,
  title={Diagnosis of observation, background and analysis-error statistics in observation space},
  author={Desroziers, G{\'e}rald and Berre, Loic and Chapnik, Bernard and Poli, Paul},
  journal={Quarterly Journal of the Royal Meteorological Society: A journal of the atmospheric sciences, applied meteorology and physical oceanography},
  volume={131},
  number={613},
  pages={3385--3396},
  year={2005},
  publisher={Wiley Online Library}
}

@article{shaw,
  title={Sensitivity of the model error parameter specification in weak-constraint four-dimensional variational data assimilation},
  author={Shaw, Jeremy A and Daescu, Dacian N},
  journal={Journal of Computational Physics},
  volume={343},
  pages={115--129},
  year={2017},
  publisher={Elsevier}
}

@article{gauthier,
  title={Convergence issues in the estimation of interchannel correlated observation errors in infrared radiance data},
  author={Gauthier, Pierre and Du, Ping and Heilliette, Sylvain and Garand, Louis},
  journal={Monthly Weather Review},
  volume={146},
  number={10},
  pages={3227--3239},
  year={2018}
}

@article{menard,
  title={Error covariance estimation methods based on analysis residuals: Theoretical foundation and convergence properties derived from simplified observation networks},
  author={M{\'e}nard, Richard},
  journal={Quarterly Journal of the Royal Meteorological Society},
  volume={142},
  number={694},
  pages={257--273},
  year={2016},
  publisher={Wiley Online Library}
}

@book{book,
  title={Data Assimilation Fundamentals: A Unified Formulation of the State and Parameter Estimation Problem},
  author={Evensen, Geir and Vossepoel, Femke C and van Leeuwen, Peter Jan},
  year={2022},
  publisher={Springer Nature}
}